<record><leader>00000cas a22000007a 4500</leader><controlfield tag="001">14204164</controlfield><controlfield tag="008">860911d19251926njudn ne      0    0eng d</controlfield><datafield ind1=" " ind2=" " tag="010"><subfield code="a">sn 86077142 </subfield></datafield><datafield ind1=" " ind2=" " tag="040"><subfield code="a">NPA</subfield><subfield code="b">eng</subfield><subfield code="c">NPA</subfield><subfield code="d">NJW</subfield><subfield code="d">OCLCQ</subfield></datafield><datafield ind1=" " ind2=" " tag="042"><subfield code="a">msc</subfield></datafield><datafield ind1="0" ind2="0" tag="245"><subfield code="a">Camden courier.</subfield></datafield><datafield ind1=" " ind2=" " tag="260"><subfield code="a">Camden, N.J. :</subfield><subfield code="b">J. David Stern,</subfield><subfield code="c">1925-1926.</subfield></datafield><datafield ind1=" " ind2=" " tag="300"><subfield code="a">v. :</subfield><subfield code="b">ill.</subfield></datafield><datafield ind1=" " ind2=" " tag="310"><subfield code="a">Daily (except Sun.)</subfield></datafield><datafield ind1="0" ind2=" " tag="362"><subfield code="a">Vol. 41, no. 283 (Apr. 29, 1925)-[v. 43, no. 28] (July 5, 1926).</subfield></datafield><datafield ind1=" " ind2=" " tag="500"><subfield code="a">"An independent Republican newspaper."</subfield></datafield><datafield ind1=" " ind2=" " tag="500"><subfield code="a">Erroneous ending date recorded in: Wright, W.C. and Stellhorn, P.A. Direct. of N.J. newspapers.</subfield></datafield><datafield ind1=" " ind2=" " tag="525"><subfield code="a">Issue for July 5, 1926 also called: Bridge edition; it contains a special supplement on the Delaware River (Ben Franklin) Bridge and Camden history.</subfield></datafield><datafield ind1=" " ind2=" " tag="530"><subfield code="a">Also issued on microfilm by the Micro Photo Div., Bell &amp; Howell Co.</subfield></datafield><datafield ind1=" " ind2=" " tag="752"><subfield code="a">United States</subfield><subfield code="b">New Jersey</subfield><subfield code="c">Camden</subfield><subfield code="d">Camden.</subfield></datafield><datafield ind1="0" ind2="0" tag="780"><subfield code="t">Camden daily courier</subfield><subfield code="w">(DLC)sn 87068042</subfield><subfield code="w">(OCoLC)15794852</subfield></datafield><datafield ind1="0" ind2="0" tag="785"><subfield code="t">Evening courier (Camden, N.J.)</subfield><subfield code="w">(DLC)sn 84020407</subfield><subfield code="w">(OCoLC)10766011</subfield></datafield></record>